<?xml version="1.0" encoding="UTF-8"?><collection xmlns="http://www.loc.gov/MARC21/slim"><record><leader>00635nam--2200205-u-4500</leader><controlfield tag="001">000053602</controlfield><controlfield tag="002">20161230</controlfield><controlfield tag="005">20161230201051</controlfield><controlfield tag="008">110509s1000------------r-----000-0-eng-d</controlfield><datafield ind1=" " ind2=" " tag="020"><subfield code="a">306670232</subfield></datafield><datafield ind1=" " ind2=" " tag="040"><subfield code="a">IFIN-HH</subfield></datafield><datafield ind1=" " ind2=" " tag="080"><subfield code="a">536</subfield></datafield><datafield ind1="1" ind2=" " tag="100"><subfield code="a">Touloukian, Y.S</subfield></datafield><datafield ind1="1" ind2="0" tag="245"><subfield code="a">Thermophysical properties of matter</subfield><subfield code="b">Vol. 3. thermal conductivity. nonmetallic liquids and gases</subfield><subfield code="c">Y.s. touloukian; p.e. liley; s.c. saxena</subfield></datafield><datafield ind1=" " ind2=" " tag="260"><subfield code="a">New York</subfield><subfield code="b">Ifi/Plenum Data Corporation</subfield><subfield code="c">1970</subfield></datafield><datafield ind1=" " ind2=" " tag="300"><subfield code="a">531P. + MATERIAL INDEX</subfield></datafield><datafield ind1=" " ind2=" " tag="490"><subfield code="a">The Tprc Data Series</subfield></datafield><datafield ind1="1" ind2=" " tag="700"><subfield code="a">Saxena, S.C</subfield></datafield><datafield ind1=" " ind2=" " tag="852"><subfield code="a">33661</subfield><subfield code="c">536</subfield></datafield><datafield ind1=" " ind2=" " tag="CAT"><subfield code="a">Sys</subfield><subfield code="c">20110509</subfield><subfield code="h">100031</subfield></datafield></record></collection>